@Book{boswell2011art,
  Author         = {Boswell, D. and Foucher, T.},
  Title          = {The Art of Readable Code},
  Publisher      = {O'Reilly Media},
  year           = 2011
}

